@article{AMR,
    title = {{AMR}}
}

@techreport{AutonomousImplications,
    title = {{Autonomous Driving in the Logistics Industry A multi-perspective view on self-driving trucks, changes in competitive advantages and their implications}}
}

@techreport{MaurerAutonomousAspects,
    title = {{Autonomous Driving Technical, Legal and Social Aspects}},
    author = {Maurer, Markus and Gerdes, · J Christian and Lenz, Barbara and Hermann, ·}
}

@incollection{Flamig2016AutonomousTransport,
    title = {{Autonomous vehicles and autonomous driving in freight transport}},
    year = {2016},
    booktitle = {Autonomous Driving: Technical, Legal and Social Aspects},
    author = {Fl{\"{a}}mig, Heike},
    month = {1},
    pages = {365--385},
    publisher = {Springer Berlin Heidelberg},
    isbn = {9783662488478},
    doi = {10.1007/978-3-662-48847-8{\_}18}
}

@techreport{2020AWSGuide,
    title = {{AWS RoboMaker Developer Guide}},
    year = {2020}
}

@article{Mohanarajah2015Cloud-BasedRobots,
    title = {{Cloud-Based Collaborative 3D Mapping in Real-Time With Low-Cost Robots}},
    year = {2015},
    journal = {IEEE Transactions on Automation Science and Engineering},
    author = {Mohanarajah, Gajamohan and Usenko, Vladyslav and Singh, Mayank and D'Andrea, Raffaello and Waibel, Markus},
    number = {2},
    month = {4},
    pages = {423--431},
    volume = {12},
    publisher = {Institute of Electrical and Electronics Engineers Inc.},
    doi = {10.1109/TASE.2015.2408456},
    issn = {15455955},
    keywords = {Cloud robotics, cloud-based mapping, dense visual odometry, platform-as-a-Service}
}

@techreport{KoenigDLite,
    title = {{D* Lite}},
    author = {Koenig, Sven and Likhachev, Maxim},
    url = {www.aaai.org}
}

@article{Kim2015DeepNavigation,
    title = {{Deep Neural Network for Real-Time Autonomous Indoor Navigation}},
    year = {2015},
    author = {Kim, Dong Ki and Chen, Tsuhan},
    month = {11},
    url = {http://arxiv.org/abs/1511.04668},
    arxivId = {1511.04668}
}

@article{Lei2018DynamicLearning,
    title = {{Dynamic Path Planning of Unknown Environment Based on Deep Reinforcement Learning}},
    year = {2018},
    journal = {Journal of Robotics},
    author = {Lei, Xiaoyun and Zhang, Zhian and Dong, Peifang},
    volume = {2018},
    publisher = {Hindawi Limited},
    doi = {10.1155/2018/5781591},
    issn = {16879619}
}

@inproceedings{Fritzsche2018ImplicationsPerspective,
    title = {{Implications of agile manufacturing in the automotive industry for order management in the factories-evidence from the practitioner's perspective}},
    year = {2018},
    booktitle = {Procedia CIRP},
    author = {Fritzsche, Albrecht},
    doi = {10.1016/j.procir.2018.03.127},
    issn = {22128271},
    keywords = {Heuristic Search, Multi-Objective Problem Solving, Production Planning Systems}
}

@techreport{KarstenVehicles,
    title = {{Karsten Berns | Ewald von Puttkamer Autonomous Land Vehicles}}
}

@techreport{EngelLSD-SLAM:SLAM,
    title = {{LSD-SLAM: Large-Scale Direct Monocular SLAM}},
    author = {Engel, Jakob and Sch{\"{o}}ps, Thomas and Cremers, Daniel}
}

@article{Singhal2017ManagingPlatform,
    title = {{Managing a Fleet of Autonomous Mobile Robots (AMR) using Cloud Robotics Platform}},
    year = {2017},
    author = {Singhal, Aniruddha and Kejriwal, Nishant and Pallav, Prasun and Choudhury, Soumyadeep and Sinha, Rajesh and Kumar, Swagat},
    month = {6},
    url = {http://arxiv.org/abs/1706.08931},
    arxivId = {1706.08931}
}

@techreport{Crainic2009Models,
    title = {{Models for Evaluating and Planning City Logistics Systems Models for Evaluating and Planning City Logistics Systems †}},
    year = {2009},
    author = {Crainic, Teodor Gabriel and Ricciardi, Nicoletta and Storchi, Giovanni and Benjelloun, Abderrahim and Feliu, Jesus Gonzales and Cauquil, Lorraine and Mancini, Simona}
}

@techreport{Kwok2007MotionIntelligence,
    title = {{Motion Coordination for Construction Vehicles using Swarm Intelligence}},
    year = {2007},
    booktitle = {International Journal of Advanced Robotic Systems},
    author = {Kwok, N M and Ha, Q P and Fang, G},
    number = {4},
    pages = {469--476},
    volume = {4},
    keywords = {behavioural-based collision avoidance, multi-vehicle coordination, particle swarm optimization}
}

@article{Yang2017ObstaclePerception,
    title = {{Obstacle Avoidance through Deep Networks based Intermediate Perception}},
    year = {2017},
    author = {Yang, Shichao and Konam, Sandeep and Ma, Chen and Rosenthal, Stephanie and Veloso, Manuela and Scherer, Sebastian},
    month = {4},
    url = {http://arxiv.org/abs/1704.08759},
    arxivId = {1704.08759}
}

@phdthesis{Papadakis2015OptimalProcessing,
    title = {{Optimal Transport for Image Processing}},
    year = {2015},
    booktitle = {thesis},
    author = {Papadakis, Nicolas and Papadakis, Nicolas and Delon, Julie},
    keywords = {Generalized Wasserstein distance, image processing}
}

@article{Belmecheri2013ParticleWindows,
    title = {{Particle swarm optimization algorithm for a vehicle routing problem with heterogeneous fleet, mixed backhauls, and time windows}},
    year = {2013},
    journal = {Journal of Intelligent Manufacturing},
    author = {Belmecheri, Farah and Prins, Christian and Yalaoui, Farouk and Amodeo, Lionel},
    number = {4},
    month = {8},
    pages = {775--789},
    volume = {24},
    doi = {10.1007/s10845-012-0627-8},
    issn = {09565515},
    keywords = {Heterogeneous fleet, Mixed backhauls, Particle swarm optimization, Pick up and delivery, Time windows, Vehicle routing problem}
}

@article{Wen2020PathEnvironments,
    title = {{Path planning for active SLAM based on deep reinforcement learning under unknown environments}},
    year = {2020},
    journal = {Intelligent Service Robotics},
    author = {Wen, Shuhuan and Zhao, Yanfang and Yuan, Xiao and Wang, Zongtao and Zhang, Dan and Manfredi, Luigi},
    publisher = {Springer},
    doi = {10.1007/s11370-019-00310-w},
    issn = {18612784},
    keywords = {Deep reinforcement learning, FastSLAM, Path planning}
}

@techreport{HeutgerPUBLISHERBy,
    title = {{PUBLISHER Represented by}},
    author = {Heutger, Matthias}
}

@article{Wang2017Real-timeEnvironments,
    title = {{Real-time path planning algorithm for autonomous vehicles in unknown environments}},
    year = {2017},
    journal = {International Journal of Mechatronics and Automation},
    author = {Wang, Jiefei and Garratt, Matthew A. and Anavatti, Sreenatha G.},
    number = {1},
    pages = {1--9},
    volume = {6},
    publisher = {Inderscience Enterprises Ltd.},
    doi = {10.1504/IJMA.2017.093238},
    issn = {20451067},
    keywords = {Autonomous vehicles, Cubic hermite spline, D* Lite algorithm, Lowess smoothing}
}

@techreport{BarriosAranibarReinforcement,
    title = {{Reinforcement Learning-Based Path Planning for Autonomous Robots *}},
    author = {Barrios Aranibar, Dennis and Alsina, Pablo Javier}
}

@article{SharThesis,
    title = {{shar thesis}}
}

@techreport{TeamGanttTeamGantt,
    title = {{TeamGantt}},
    author = {{TeamGantt}},
    url = {www.tcpdf.org},
    keywords = {TCPDF}
}

@inproceedings{Bielli2011TrendsManagement,
    title = {{Trends in models and algorithms for fleet management}},
    year = {2011},
    booktitle = {Procedia - Social and Behavioral Sciences},
    author = {Bielli, Maurizio and Bielli, Alessandro and Rossi, Riccardo},
    doi = {10.1016/j.sbspro.2011.08.004},
    issn = {18770428},
    keywords = {Algorithms, Fleet management, Models, Optimization, Transport modes, Vehicle routing and scheduling}
}